<record><leader>00000cas a2200000 a 4500</leader><controlfield tag="001">27856860</controlfield><controlfield tag="008">930405d19241947fluwr ne      0    0eng c</controlfield><datafield ind1=" " ind2=" " tag="010"><subfield code="a">sn 93068222 </subfield></datafield><datafield ind1=" " ind2=" " tag="040"><subfield code="a">PPM</subfield><subfield code="b">eng</subfield><subfield code="c">PPM</subfield><subfield code="d">FUG</subfield><subfield code="d">OCLCQ</subfield><subfield code="d">OCLCF</subfield><subfield code="d">OCLCO</subfield></datafield><datafield ind1="1" ind2=" " tag="029"><subfield code="a">AU@</subfield><subfield code="b">000020270057</subfield></datafield><datafield ind1=" " ind2=" " tag="042"><subfield code="a">pcc</subfield></datafield><datafield ind1=" " ind2=" " tag="043"><subfield code="a">n-us-fl</subfield></datafield><datafield ind1="0" ind2=" " tag="130"><subfield code="a">Highlander (Lake Wales, Fla. : 1924)</subfield></datafield><datafield ind1="1" ind2="4" tag="245"><subfield code="a">The highlander.</subfield></datafield><datafield ind1="1" ind2="7" tag="246"><subfield code="a">Semi-weekly highlander</subfield><subfield code="f">&lt;1929&gt;</subfield></datafield><datafield ind1=" " ind2=" " tag="260"><subfield code="a">Lake Wales, Fla. :</subfield><subfield code="b">J.E. Worthington,</subfield><subfield code="c">1924-1947.</subfield></datafield><datafield ind1=" " ind2=" " tag="300"><subfield code="a">v.</subfield></datafield><datafield ind1=" " ind2=" " tag="310"><subfield code="a">Weekly,</subfield><subfield code="b">&lt;1937-1939&gt;</subfield></datafield><datafield ind1=" " ind2=" " tag="321"><subfield code="a">Weekly,</subfield><subfield code="b">1924-</subfield></datafield><datafield ind1=" " ind2=" " tag="321"><subfield code="a">Semiweekly,</subfield><subfield code="b">&lt;1929-1933&gt;</subfield></datafield><datafield ind1="0" ind2=" " tag="362"><subfield code="a">Vol. 9, no. 27 (Aug. 27, 1924)-</subfield></datafield><datafield ind1="1" ind2=" " tag="362"><subfield code="a">Ceased in Sept. 1947?</subfield></datafield><datafield ind1=" " ind2=" " tag="588"><subfield code="a">Latest issue consulted: Vol. 24, no. 38 (Dec. 29, 1939).</subfield></datafield><datafield ind1=" " ind2="0" tag="651"><subfield code="a">Lake Wales (Fla.)</subfield><subfield code="v">Newspapers.</subfield></datafield><datafield ind1=" " ind2="0" tag="651"><subfield code="a">Polk County (Fla.)</subfield><subfield code="v">Newspapers.</subfield></datafield><datafield ind1=" " ind2="7" tag="655"><subfield code="a">Newspapers.</subfield><subfield code="2">fast</subfield><subfield code="0">(OCoLC)fst01423814</subfield></datafield><datafield ind1=" " ind2="7" tag="651"><subfield code="a">Florida</subfield><subfield code="z">Lake Wales.</subfield><subfield code="2">fast</subfield><subfield code="0">(OCoLC)fst01215462</subfield></datafield><datafield ind1=" " ind2="7" tag="651"><subfield code="a">Florida</subfield><subfield code="z">Polk County.</subfield><subfield code="2">fast</subfield><subfield code="0">(OCoLC)fst01214944</subfield></datafield><datafield ind1=" " ind2=" " tag="752"><subfield code="a">United States</subfield><subfield code="b">Florida</subfield><subfield code="c">Polk</subfield><subfield code="d">Lake Wales.</subfield></datafield><datafield ind1="0" ind2="0" tag="780"><subfield code="t">Lake Wales highlander (Lake Wales, Fla. : 1916)</subfield><subfield code="w">(DLC)sn 97027564</subfield><subfield code="w">(OCoLC)36671899</subfield></datafield><datafield ind1="0" ind2="7" tag="785"><subfield code="t">Lake Wales daily</subfield><subfield code="w">(DLC)sn 91066457</subfield><subfield code="w">(OCoLC)23660572</subfield></datafield><datafield ind1="0" ind2="7" tag="785"><subfield code="t">Daily highlander (Lake Wales, Fla. : 1947)</subfield><subfield code="w">(DLC)sn 97027565</subfield><subfield code="w">(OCoLC)36671901</subfield></datafield></record>